@manual{anleitung207,
author = "TU Dortmund",
title = "Versuchsanleitung zu Versuch Nr. 207 Das Kugelfallviskosimeter nach Höppler",
year = 2016,
url = "http://129.217.224.2/HOMEPAGE/PHYSIKER/BACHELOR/AP/SKRIPT/Viskositaet.pdf"
}


@book{hands_on_machine_learning,
  author    = {Aurélien Géron },
  title     = {Hands-On Machine Learning with Scikit-Learn and TensorFlow: Concepts, Tools, and Techniques for Building Intelligent Systems},
  year      = {2017},

  edition   = {1},
  publisher = {O'Reilly UK Ltd},
  isbn      = {978-1491962299}
}

@article{transferleistung_netzwerke,
  author  = {Andrea Trinkwalder},
  title   = {Netzgespinste - Die Mathematik neuronaler Netze: einfache Mechanismen, komplexe Konstruktion},
  year    = {2016},
  journal = {c’t – Magazin für Computertechnik},

  month   = {6},
  pages   = {130},
  url     = {https://www.heise.de/select/ct/2016/6/1458191210995647},
  urldate = {24.07.19}
}

@online{datensatz,
  author       = {Jessica Li},
  title        = {Stanford Dogs Dataset},
  year         = {2019},
  url          = {https://www.kaggle.com/jessicali9530/stanford-dogs-dataset},

  subtitle     = {Over 20,000 images of 120 dog breeds},
  month        = {February},
  urldate      = {24.07.19}
}

@online{keras_sequentiel,
  author       = {Keras},
  title        = {The Sequential model API},
  year         = {2019},
  url          = {https://keras.io/models/sequential/},

  urldate      = {24.07.19}
}

@online{keras_prelu,
  author       = {Keras},
  title        = {Advanced Activations Layers},
  subtitle     = {PReLU},
  year         = {2019},
  url          = {https://keras.io/layers/advanced-activations/},

  urldate      = {24.07.19}
}

@online{keras_he_normal,
  author       = {Keras},
  title        = {Initializers},
  subtitle     = {he\_normal},
  year         = {2019},
  url          = {https://keras.io/initializers/},

  urldate      = {24.07.19}
}

@online{keras_max_pooling,
  author       = {Keras},
  title        = {Pooling Layers},
  subtitle     = {GlobalMaxPooling2D},
  year         = {2019},
  url          = {https://keras.io/layers/pooling/},

  urldate      = {24.07.19}
}

@online{keras_ReduceLROnPlateau,
  author       = {Keras},
  title        = {Callbacks},
  subtitle     = {ReduceLROnPlateau},
  year         = {2019},
  url          = {https://keras.io/callbacks/},

  urldate      = {25.07.19}
}

@online{keras_EarlyStopping,
  author       = {Keras},
  title        = {Callbacks},
  subtitle     = {EarlyStopping},
  year         = {2019},
  url          = {https://keras.io/callbacks/},

  urldate      = {25.07.19}
}
@online{google_open_image,
  author       = {Google},
  title        = {Open Images Dataset V5 + Extensions},
  year         = {2019},
  url          = {https://storage.googleapis.com/openimages/web/index.html},

  urldate      = {24.07.19}
}

@article{he_normal_PReLU,
    author = {He, Kaiming and Zhang, Xiangyu and Ren, Shaoqing and Sun, Jian},
    title = {Delving Deep into Rectifiers: Surpassing Human-Level Performance on ImageNet Classification},
    booktitle = {Proceedings of the 2015 IEEE International Conference on Computer Vision (ICCV)},
    series = {ICCV '15},
    year = {2015},
    isbn = {978-1-4673-8391-2},
    pages = {1026--1034},
    numpages = {9},
    url = {http://dx.doi.org/10.1109/ICCV.2015.123},
    doi = {10.1109/ICCV.2015.123},
    acmid = {2919814},
    publisher = {IEEE Computer Society},
    address = {Washington, DC, USA},
}
@online{net_svg_source,
  author       = {ALEXANDER LENAIL},
  title        = {NN-SVG},
  year         = {2019},
  url          = {http://alexlenail.me/NN-SVG/index.html},

  urldate      = {24.07.19}
}

@online{RF_parameterraum,
  author       = {Will Koehrsen},
  title        = {Hyperparameter Tuning the Random Forest in Python},
  year         = {2018},
  url          = {https://towardsdatascience.com/hyperparameter-tuning-the-random-forest-in-python-using-scikit-learn-28d2aa77dd74},
  urldate      = {26.07.19}
}

@online{Reproduzierbarkeit,
  author       = {How to Get Reproducible Results with Keras},
  title        = {Jason Brownlee, PhD},
  year         = {2014},
  url          = {https://machinelearningmastery.com/reproducible-results-neural-networks-keras/},

  month        = {June},
  urldate      = {29.07.19}
}
