@inproceedings{datensatz,
author = "Aditya Khosla and Nityananda Jayadevaprakash and Bangpeng Yao and Li Fei-Fei",
title = "Novel Dataset for Fine-Grained Image Categorization",
booktitle = "First Workshop on Fine-Grained Visual Categorization, IEEE Conference on Computer Vision and Pattern Recognition",
year = "2011",
month = "June",
address = "Colorado Springs, CO",
}

@misc{inception,
    title={Applications},
    howpublished="\url{https://keras.io/applications/}",
    note={Aufgerufen am 24.07.2019},
    author={Keras},
}

@misc{imagenet,
    title={ImageNet},
    howpublished="\url{http://image-net.org/index}",
    note={Aufgerufen am 24.07.2019},
    author={Stanford Vision Lab},
}

@misc{prelu,
Author = {Kaiming He and Xiangyu Zhang and Shaoqing Ren and Jian Sun},
Title = {Delving Deep into Rectifiers: Surpassing Human-Level Performance on ImageNet Classification},
Year = {2015},
Eprint = {arXiv:1502.01852},
}

@misc{tensowflow-he,
    title={TensorFlow Core r1.14},
    howpublished="\url{https://www.tensorflow.org/api_docs/python/tf/initializers/he_normal}",
    note={Aufgerufen am 24.07.2019},
    author={Tensorflow},
}

@misc{he-ini,
    title={Hyper-parameters in Action! Part II — Weight Initializers},
    howpublished="\url{https://towardsdatascience.com/hyper-parameters-in-action-part-ii-weight-initializers-35aee1a28404}",
    note={Aufgerufen am 24.07.2019},
    author={Daniel Godoy},
}

@misc{general-ideas,
    title={Keras Conv2D and Convolutional Layers},
    howpublished="\url{https://www.pyimagesearch.com/2018/12/31/keras-conv2d-and-convolutional-layers/}",
    note={Aufgerufen am 25.07.2019},
    author={Adrian Rosenbrock},
}

@book{hands_on_machine_learning,
  author    = {Aurélien Géron },
  title     = {Hands-On Machine Learning with Scikit-Learn and TensorFlow: Concepts, Tools, and Techniques for Building Intelligent Systems},
  year      = {2017},

  edition   = {1},
  publisher = {O'Reilly UK Ltd},
  isbn      = {978-1491962299}
}
